<?xml version="1.0" encoding="UTF-8"?><collection xmlns="http://www.loc.gov/MARC21/slim"><record><leader>00411nam--2200169-i-4500</leader><controlfield tag="001">000033785</controlfield><controlfield tag="002">20161230</controlfield><controlfield tag="005">20161230201039</controlfield><controlfield tag="008">060222s1000------------r-----000-0-eng-d</controlfield><datafield ind1=" " ind2=" " tag="040"><subfield code="a">IFIN-HH</subfield></datafield><datafield ind1=" " ind2=" " tag="080"><subfield code="a">539.2:538</subfield></datafield><datafield ind1="1" ind2=" " tag="100"><subfield code="a">Martin, D.H</subfield></datafield><datafield ind1="1" ind2="0" tag="245"><subfield code="a">Magnetism in solids</subfield><subfield code="c">D.h. martin</subfield></datafield><datafield ind1=" " ind2=" " tag="260"><subfield code="a">London</subfield><subfield code="b">Iliffe Books Ltd</subfield><subfield code="c">1967</subfield></datafield><datafield ind1=" " ind2=" " tag="300"><subfield code="a">452P</subfield></datafield><datafield ind1=" " ind2=" " tag="852"><subfield code="a">27580</subfield><subfield code="c">539.3</subfield></datafield><datafield ind1=" " ind2=" " tag="CAT"><subfield code="a">Sys</subfield><subfield code="c">20121015</subfield><subfield code="h">100835</subfield></datafield></record></collection>